
@article{smith2018,
  title={Assessing the limitations of effective number of samples for finding the uncertainty of the mean of correlated data},
  author={Smith, Barton L and Neal, Douglas R and Feero, Mark A and Richards, Geordie},
  journal={Measurement Science and Technology},
  volume={29},
  number={12},
  pages={125304},
  year={2018},
  publisher={IOP Publishing}
}

@book{rosenblatt2012,
  title={Stationary sequences and random fields},
  author={Rosenblatt, Murray},
  year={2012},
  publisher={Springer Science \& Business Media}
}

@book{box2015,
  title={Time series analysis: forecasting and control},
  author={Box, George EP and Jenkins, Gwilym M and Reinsel, Gregory C and Ljung, Greta M},
  year={2015},
  publisher={John Wiley \& Sons}
}

@book{barber2011,
  title={Bayesian time series models},
  author={Barber, David and Cemgil, A Taylan and Chiappa, Silvia},
  year={2011},
  publisher={Cambridge University Press}
}

@article{theunissen2008,
  title={Confidence estimation using dependent circular block bootstrapping: application to the statistical analysis of PIV measurements},
  author={Theunissen, R and Di Sante, A and Riethmuller, ML and Van den Braembussche, RA},
  journal={Experiments in Fluids},
  volume={44},
  number={4},
  pages={591--596},
  year={2008},
  publisher={Springer}
}

@article{thiebaux1984,
  title={The Interpretation and Estimation of Effective Sample Size},
  author={Thiebaux, HJ and Zwiers, FW}
  journal={Journal of Climate and Applied Meteorology},
  volume={23},
  year={1984}
}